
@misc{resizelvm,
    author       = {rootusers.com},
    title        = {How to Increase the size of a Linux LVM by expanding the virtual machine disk},
    howpublished = "\url{https://www.rootusers.com/how-to-increase-the-size-of-a-linux-lvm-by-expanding-the-virtual-machine-disk/}",
    note         = {Last visited on 2/8/2020},
}


@misc{OCI,
    author       = {OCI},
    title        = {Open Container Initiative},
    howpublished = "\url{https://www.opencontainers.org/}",
    note         = {Last visited on 2/8/2020},
}

@misc{rhelpodman,
    author       = {RedHat},
    title        = {Building, running, and managing containers on Red Hat Enterprise Linux 8},
    howpublished = "\url{https://access.redhat.com/documentation/en-us/red_hat_enterprise_linux/8/html-single/building_running_and_managing_containers/index}",
    note         = {Last visited on 2/8/2020},
}

@misc{sparkexamples,
    author       = {Spark},
    title        = {Apache Spark Examples},
    howpublished = "\url{https://spark.apache.org/examples.html}",
    note         = {Last visited on 2/15/2020},
}

@misc{hdfscartoon,
    author       = {Varshney, Maneesh},
    title        = {HDFS Explained as Comics},
    howpublished = "\url{https://www.mail-archive.com/common-user@hadoop.apache.org/msg15171.html}",
    note         = {Last visited on 2/17/2020},
}

@misc{idylls,
    author       = {Tennyson, Alfred Lord.},
    title        = {Gareth and Lynette},
    howpublished = "\url{https://d.lib.rochester.edu/camelot/text/tennyson-gareth-and-lynette}",
    note         = {Last visited on 2/17/2020},
}

@misc{awseducate,
    author       = {AWS Educate},
    title        = {AWS Services Supported with AWS Educate Starter Account},
    howpublished = "\url{https://awseducate-starter-account-services.s3.amazonaws.com/AWS_Educate_Starter_Account_Services_Supported.pdf}",
    note         = {Last visited on 2/23/2020},
}

@misc{zepver,
    author       = {Zeppelin},
    title        = {Apache Zeppelin Supported Interpreters},
    howpublished = "\url{https://zeppelin.apache.org/supported_interpreters.html}",
    note         = {Last visited on 2020/3/3},
}

@misc{kaggle,
    author       = {Kaggle},
    title        = {Kaggle: Creating a Dataset},
    howpublished = "\url{https://www.kaggle.com/docs/datasets#creating-a-dataset}",
    note         = {Last visited on 2020/5/17},
}

@misc{xenocanto,
    author       = {XenoCanto},
    title        = {Kaggle: Sharing bird sounds from around the world},
    howpublished = "\url{https://www.xeno-canto.org/}",
    note         = {Last visited on 2020/5/17},
}

@misc{xenocantokaggle,
    author       = {de Abreu e Lima, Francisco},
    title        = {Bird songs from Europe (xeno-canto)},
    howpublished = "\url{https://www.kaggle.com/monogenea/birdsongs-from-europe}",
    note         = {Last visited on 2020/5/17},
}

@misc{mongodb,
    author       = {MongoDB},
    title        = {What Is MongoDB?},
    howpublished = "\url{https://www.mongodb.com/what-is-mongodb}",
    note         = {Last visited on 2020/5/19},
}

@misc{mongodbcompass,
    author       = {MongoDB},
    title        = {MongoDB Compass: The easiest way to explore and manipulate your MongoDB data},
    howpublished = "\url{https://www.mongodb.com/products/compass}",
    note         = {Last visited on 2020/5/19},
}

@misc{mitlicense,
    author       = {Open Source Initiative},
    title        = {The MIT License},
    howpublished = "\url{https://opensource.org/licenses/MIT}",
    note         = {Last visited on 2020/5/19},
}

@misc{gmuhonorcode,
    author       = {George Mason University Office of Academic Integrity},
    title        = {George Mason University Honor Code 2019-2020},
    howpublished = "\url{https://oai.gmu.edu/wp-content/uploads/2019/08/George-Mason-University-Honor-Code-2019-2020-final.pdf}",
    note         = {Last visited on 2020/5/19},
}

@book{dsp,
author = {Oppenheim, Alan V. and Schafer, Ronald W.},
title = {Discrete-Time Signal Processing},
year = {2009},
isbn = {0131988425},
publisher = {Prentice Hall Press},
address = {USA},
edition = {3rd}
}

@techreport{gartnercontainer,
  title={Best Practices to Enable Continuous Delivery With Containers and DevOps},
  author={Dennis Smith},
  year={2020},
  institution={Gartner Research},
}

@misc{spark,
    author       = {Spark},
    title        = {Apache Spark: Lightning-fast unified analytics engine.},
    howpublished = "\url{https://spark.apache.org/}",
    note         = {Last visited on 2020/5/19},
}

@techreport{python,
  title={The Incredible Growth of Python},
  author={David Robinson},
  year={2017},
  howpublished = "\url{https://stackoverflow.blog/2017/09/06/incredible-growth-python/}",
  institution={Stack Overflow},
}

@misc{jupyter,
    author       = {Jupyter},
    title        = {The Jupyter Notebook},
    howpublished = "\url{https://jupyter.org/}",
    note         = {Last visited on 2020/5/19},
}

@misc{azure,
    author       = {Microsoft},
    title        = {Microsft Azure Overview},
    howpublished = "\url{https://azure.microsoft.com/en-us/overview/}",
    note         = {Last visited on 2020/5/19},
}

https://azure.microsoft.com/en-us/overview/#azure-vs-aws